--- GENERATORS

@article{Powheg:2004,
    author = "Nason, P.",
    title = "A new method for combining {NLO} {QCD} with shower {Monte Carlo} algorithms",
    eprint = "hep-ph/0409146",
    archivePrefix = "arXiv",
    doi = "10.1088/1126-6708/2004/11/040",
    journal = "JHEP",
    volume = "11",
    pages = "040",
    year = "2004"
}
@article{Powheg:2007,
    author = "Frixione, S. and Nason, P. and Oleari, C.",
    title = "Matching {NLO} {QCD} computations with parton shower simulations: the {\textsc{Powheg}} method",
    eprint = "0709.2092",
    archivePrefix = "arXiv",
    primaryClass = "hep-ph",
    doi = "10.1088/1126-6708/2007/11/070",
    journal = "JHEP",
    volume = "11",
    pages = "070",
    year = "2007"
}
@article{Powheg:2010,
    author = "Alioli, S. and Nason, P. and Oleari, C. and Re, E.",
    title = "A general framework for implementing {NLO} calculations in shower {Monte Carlo} programs: the {\textsc{Powheg}} \textsc{box}",
    eprint = "1002.2581",
    archivePrefix = "arXiv",
    primaryClass = "hep-ph",
    doi = "10.1007/JHEP06(2010)043",
    journal = "JHEP",
    volume = "06",
    pages = "043",
    year = "2010"
}

@article{MG5aMCatNLO:2014,
    author = "Alwall, J. and Frederix, R. and Frixione, S. and Hirschi, V. and Maltoni, F. and Mattelaer, O. and Shao, H.-S. and Stelzer, T. and Torrielli, P. and Zaro, M.",
    title = "The automated computation of tree-level and next-to-leading order differential cross sections, and their matching to parton shower simulations",
    eprint = "1405.0301",
    archivePrefix = "arXiv",
    primaryClass = "hep-ph",
    doi = "10.1007/JHEP07(2014)079",
    journal = "JHEP",
    volume = "07",
    pages = "079",
    year = "2014"
},

@article{Pythia:2015,
    author = "Sj{\"o}strand, T. and Ask, S. and Christiansen, J. R. and Corke, R. and Desai, N. and Ilten, P. and Mrenna, S. and Prestel, S. and Rasmussen, C. O. and Skands, P. Z.",
    title = "An introduction to {\textsc{Pythia}8.2}",
    eprint = "1410.3012",
    archivePrefix = "arXiv",
    primaryClass = "hep-ph",
    doi = "10.1016/j.cpc.2015.01.024",
    journal = "Comput. Phys. Commun.",
    volume = "191",
    pages = "159",
    year = "2015"
}

@article{GEANT4:2002,
    author = "Agostinelli, S. and others",
    title = "{\textsc{Geant4}} --- a simulation toolkit",
    doi = "10.1016/S0168-9002(03)01368-8",
    journal = "Nucl. Instrum. Meth. A",
    volume = "506",
    pages = "250",
    year = "2003"
}

@article{Kidonakis:2021vob,
    author = "Kidonakis, N. and Yamanaka, N.",
    title = "Higher-order corrections for {tW} production at high-energy hadron colliders",
    eprint = "2102.11300",
    archivePrefix = "arXiv",
    primaryClass = "hep-ph",
    doi = "10.1007/JHEP05(2021)278",
    journal = "JHEP",
    volume = "05",
    pages = "278",
    year = "2021"
}

@article{Grazzini:2017mhc,
    author = "Grazzini, M. and Kallweit, S. and Wiesemann, M.",
    title = "Fully differential {NNLO} computations with \textsc{matrix}",
    eprint = "1711.06631",
    archivePrefix = "arXiv",
    primaryClass = "hep-ph",
    doi = "10.1140/epjc/s10052-018-5771-7",
    journal = "Eur. Phys. J. C",
    volume = "78",
    pages = "537",
    year = "2018"
}
@article{Camarda:2019zyx,
    author = "Camarda, S. and Boonekamp, M. and Bozzi, G. and Catani, S. and Cieri, L. and Cuth, J. and Ferrera, G. and de Florian, D. and Glazov, A. and Grazzini, M. and Vincter, M. G. and Schott, M.",
    title = "\textsc{DYTurbo}: Fast predictions for {Drell--Yan} processes",
    eprint = "1910.07049",
    archivePrefix = "arXiv",
    primaryClass = "hep-ph",
    doi = "10.1140/epjc/s10052-020-7757-5",
    journal = "Eur. Phys. J. C",
    volume = "80",
    pages = "251",
    year = "2020"
}

@article{Campbell:2020fhf,
    author = "Campbell, J. and Neumann, T. and Sullivan, Z.",
    title = "Single-top-quark production in the $t$-channel at {NNLO}",
    eprint = "2012.01574",
    archivePrefix = "arXiv",
    primaryClass = "hep-ph",
    doi = "10.1007/JHEP02(2021)040",
    journal = "JHEP",
    volume = "02",
    pages = "040",
    year = "2021"
}

--- UNCERTAINTIES

@article{Butterworth:2015oua,
    author = "Butterworth, J. and others",
    title = "{PDF4LHC} recommendations for {LHC Run II}",
    eprint = "1510.03865",
    archivePrefix = "arXiv",
    primaryClass = "hep-ph",
    doi = "10.1088/0954-3899/43/2/023001",
    journal = "J. Phys. G",
    volume = "43",
    pages = "023001",
    year = "2016"
}

@article{Cacciari:2004,
    author = "Cacciari, M. and Frixione, S. and Mangano, M. L. and Nason, P. and Ridolfi, G.",
    title = "The \ttbar cross-section at 1.8 and {1.96 TeV}: a study of the systematics due to parton densities and scale dependence",
    eprint = "hep-ph/0303085",
    archivePrefix = "arXiv",
    doi = "10.1088/1126-6708/2004/04/068",
    journal = "JHEP",
    volume = "04",
    pages = "068",
    year = "2004"
}

@article{Barlow:1993dm,
    author = "Barlow, R. and Beeston, C.",
    title = "Fitting using finite {Monte Carlo} samples",
    doi = "10.1016/0010-4655(93)90005-W",
    journal = "Comput. Phys. Commun.",
    volume = "77",
    pages = "219",
    year = "1993"
}

--- CMS

@techreport{CMS:TOP-22-012-PAS,
    author = "{CMS Collaboration}",
    collaboration = "CMS",
    title = "First measurement of the top quark pair production cross section in proton-proton collisions at $\sqrt{s}={13.6\unit{TeV}}$",
    type = "CMS Physics Analysis Summary",
    number = "CMS-PAS-TOP-22-012",
    year = "2022",
    url = "https://cds.cern.ch/record/2834110"
}

@techreport{CMS:TOP-16-021,
    author = "{CMS Collaboration}",
    collaboration = "CMS",
    title = "Investigations of the impact of the parton shower tuning in {\textsc{Pythia} 8} in the modelling of \ttbar at $\sqrt{s}=8$ and {13 TeV}",
    type = "CMS Physics Analysis Summary",
    number = "CMS-PAS-TOP-16-021",
    year = "2016",
    url = "https://cds.cern.ch/record/2235192"
}

@article{CMS:JME-13-004,
    author = "{CMS Collaboration}",
    collaboration = "CMS",
    title = "Jet energy scale and resolution in the {CMS} experiment in pp collisions at {8 TeV}",
    eprint = "1607.03663",
    archivePrefix = "arXiv",
    primaryClass = "hep-ex",
    doi = "10.1088/1748-0221/12/02/P02014",
    journal = "JINST",
    volume = "12",
    pages = "P02014",
    year = "2017"
}